<?xml version="1.0" encoding="utf-8"?>
<record xmlns="http://www.loc.gov/MARC21/slim" xmlns:xsi="http://www.w3.org/2001/XMLSchema-instance" xsi:schemaLocation="http://www.loc.gov/MARC21/slim http://www.loc.gov/standards/marcxml/schema/MARC21slim.xsd">
	<leader>     nam a22        4500</leader>
	<controlfield tag="001">b12785106</controlfield>
	<controlfield tag="003">LeBAU</controlfield>
	<controlfield tag="006">m        d        </controlfield>
	<controlfield tag="007">cr cn |||m|||a</controlfield>
	<controlfield tag="008">170718m19111912ua      ob    ||0 0 ara d</controlfield>
	<datafield ind1=" " ind2=" " tag="040">
		<subfield code="a">NNU</subfield>
		<subfield code="b">ara</subfield>
		<subfield code="e">rda</subfield>
		<subfield code="c">NNU</subfield>
	</datafield>
	<datafield ind1="0" ind2="4" tag="082">
		<subfield code="a">297.08</subfield>
		<subfield code="2">20</subfield>
	</datafield>
	<datafield ind1="1" ind2=" " tag="100">
		<subfield code="6">880-01</subfield>
		<subfield code="a">Ibn al-Daybaʻ, ʻAbd al-Raḥmān ibn ʻAlī,</subfield>
		<subfield code="d">1461-1537,</subfield>
		<subfield code="e">author.</subfield>
	</datafield>
	<datafield ind1="1" ind2="0" tag="245">
		<subfield code="6">880-02</subfield>
		<subfield code="a">Kitāb taysīr al-wuṣūl ilá Jāmi‘ al-uṣūl min ḥadīth al-Rasūl ṣallá Allāh ‘alayhi wa-sallam /</subfield>
		<subfield code="c">lil-‘allāmah al-muḥaddith ‘Abd al-Raḥmān ibn ‘Alī al-ma‘rūf bi-ibn al-Dayba‘ al-Shaybānī al-Zubaydī al-Shāfi‘ī, al-mutawaffá sanat 944 Hijrīyah ; ‘uniya faḍīlat al-ustādh al-Shaykh &quot;Muḥammad Hārūn&quot; wakīl mashyakhat ‘ulamā’ al-Iskandarīyah bi-murāja‘atihā ‘alá nuskhah ukhrá taghlib ‘alayhā al-ṣiḥḥah ma‘a mulāḥaẓat ḍabṭ mā yaḥtāju ilá ḍabṭih min al-kalimāt wa-murāja‘at mā yatayassar murāja‘atihi min uṣūl al-ṣiḥāḥ.</subfield>
	</datafield>
	<datafield ind1="3" ind2="0" tag="246">
		<subfield code="6">880-03</subfield>
		<subfield code="a">Taysīr al-wuṣūl ilá Jāmi‘ al-uṣūl min ḥadīth al-Rasūl ṣallá Allāh ‘alayhi wa-sallam</subfield>
	</datafield>
	<datafield ind1=" " ind2=" " tag="250">
		<subfield code="6">880-04</subfield>
		<subfield code="a">al-Ṭab‘ah al-ūlá.</subfield>
	</datafield>
	<datafield ind1=" " ind2="1" tag="264">
		<subfield code="6">880-05</subfield>
		<subfield code="a">Miṣr :</subfield>
		<subfield code="b">Maṭba‘at al-Jamālīyah,</subfield>
		<subfield code="c">1330-1331 H., [1911-1912? M.]</subfield>
	</datafield>
	<datafield ind1=" " ind2=" " tag="300">
		<subfield code="6">880-06</subfield>
		<subfield code="a">online resource (2 volumes)</subfield>
	</datafield>
	<datafield ind1=" " ind2=" " tag="336">
		<subfield code="a">text</subfield>
		<subfield code="2">rdacontent</subfield>
	</datafield>
	<datafield ind1=" " ind2=" " tag="337">
		<subfield code="a">computer</subfield>
		<subfield code="2">rdamedia</subfield>
	</datafield>
	<datafield ind1=" " ind2=" " tag="338">
		<subfield code="a">online resource</subfield>
		<subfield code="2">rdacarrier</subfield>
	</datafield>
	<datafield ind1=" " ind2=" " tag="500">
		<subfield code="a">&quot;إختصر فيه جامع الأصول لأحاديث الرسول تأليف المحدث الكبير أبي السعادات إبن الأثير الجزري، المتوفى سنة 606 هجرية. المشتمل على الصحاح الستة: &quot;موطأ مالك، صحيحي البخاري ومسلم، جامع الترمذي، كتابي السنن لأبي داود والنسائي.&quot; قال كاتب جلبي في كشف الظنون في ترجمة كتاب جامع الأصول ما معناه: أن لهذا الكتاب مختصرات أحسنها تيسير الوصول&quot;</subfield>
	</datafield>
	<datafield ind1=" " ind2=" " tag="500">
		<subfield code="a">3 أجزاء ببليوغرافية في 2 جزء مادي.</subfield>
	</datafield>
	<datafield ind1=" " ind2=" " tag="500">
		<subfield code="a">Part of the Arabic Collections Online (ACO) project, contributed by American University of Beirut's Jafet Memorial Library.</subfield>
	</datafield>
	<datafield ind1=" " ind2=" " tag="504">
		<subfield code="a">يتضمن مراجع ببليوغرافية.</subfield>
	</datafield>
	<datafield ind1=" " ind2=" " tag="533">
		<subfield code="a">Electronic reproduction.</subfield>
		<subfield code="b">New York, N.Y. :</subfield>
		<subfield code="c">New York University,</subfield>
		<subfield code="d">2017.</subfield>
		<subfield code="5">NNU</subfield>
	</datafield>
	<datafield ind1="1" ind2="4" tag="600">
		<subfield code="a">ابن الاثير، مجد الدين المبارك بن محمد،</subfield>
		<subfield code="d">1149-1209.</subfield>
		<subfield code="t">جامع الأصول لأحاديث الرسول.</subfield>
	</datafield>
	<datafield ind1="1" ind2="0" tag="600">
		<subfield code="a">Ibn al-Athīr, Majd al-Dīn al-Mubārak ibn Muḥammad,</subfield>
		<subfield code="d">1149-1209.</subfield>
		<subfield code="t">Jāmi‘ al-uṣūl li-aḥādīth al-Rasūl.</subfield>
	</datafield>
	<datafield ind1=" " ind2="4" tag="650">
		<subfield code="a">الحديث</subfield>
		<subfield code="x">نصوص</subfield>
		<subfield code="v">اعمال قديمة حتى 1800.</subfield>
	</datafield>
	<datafield ind1=" " ind2="0" tag="650">
		<subfield code="a">Hadith</subfield>
		<subfield code="v">Texts</subfield>
		<subfield code="v">Early works to 1800.</subfield>
	</datafield>
	<datafield ind1="1" ind2=" " tag="700">
		<subfield code="6">880-07</subfield>
		<subfield code="a">Hārūn, Muḥammad,</subfield>
		<subfield code="e">compiler.</subfield>
	</datafield>
	<datafield ind1="2" ind2=" " tag="710">
		<subfield code="a">Jafet Memorial Library.</subfield>
	</datafield>
	<datafield ind1="0" ind2=" " tag="730">
		<subfield code="a">Arabic Collections Online.</subfield>
	</datafield>
	<datafield ind1="0" ind2=" " tag="775">
		<subfield code="6">880-08</subfield>
		<subfield code="t">Taysīr al-wuṣūl ilá jāmi‘ al-‘uṣūl min ḥadīth al-Raṣūl</subfield>
		<subfield code="d">Miṣr : al-Maṭba‘ah al-Salafīyah, [1927?]</subfield>
		<subfield code="w">(OCoLC)784210316</subfield>
		<subfield code="w">(OCoLC)784210316</subfield>
	</datafield>
	<datafield ind1="0" ind2="8" tag="776">
		<subfield code="i">Print version:</subfield>
		<subfield code="a">Ibn al-Daybaʻ, ʻAbd al-Raḥmān ibn ʻAlī, 1461-1537, author.</subfield>
		<subfield code="t">Kitāb taysīr al-wuṣūl ilá Jāmi‘ al-uṣūl min ḥadīth al-Rasūl ṣallá Allāh ‘alayhi wa-sallam</subfield>
		<subfield code="w">(LeBAU)b12785106</subfield>
	</datafield>
	<datafield ind1="4" ind2="0" tag="856">
		<subfield code="u">http://hdl.handle.net/2333.1/v9s4n242</subfield>
	</datafield>
	<datafield ind1="1" ind2=" " tag="880">
		<subfield code="6">100-01/(3/r</subfield>
		<subfield code="a">إبن الديبع، عبد الرحمن بن علي،</subfield>
		<subfield code="d">1461-1537،</subfield>
		<subfield code="e">مؤلف. </subfield>
		<subfield code="4">aut.</subfield>
	</datafield>
	<datafield ind1="1" ind2="0" tag="880">
		<subfield code="6">245-02/(3/r</subfield>
		<subfield code="a">كتاب تيسير الوصول الى جامع الأصول من حديث الرسول صلى الله عليه وسلم /</subfield>
		<subfield code="c">للعلامة المحدث عبد الرحمن بن علي المعروف بإبن الديبع الشيباني الزبيدي الشافعي، المتوفى سنة 944 هجرية ؛ عني فضيلة الأستاذ الشيخ &quot;محمد هارون&quot; وكيل مشيخة علماء الإسكندرية بمراجعتها على نسخة أخرى تغلب عليها الصحة مع ملاحظة ضبط ما يحتاج الى ضبطه من الكلمات ومراجعة ما يتيسر مراجعته من أصول الصحاح</subfield>
	</datafield>
	<datafield ind1="3" ind2="0" tag="880">
		<subfield code="6">246-03/(3/r</subfield>
		<subfield code="a">تيسير الوصول الى جامع الأصول من حديث الرسول صلى الله عليه وسلم</subfield>
	</datafield>
	<datafield ind1=" " ind2=" " tag="880">
		<subfield code="6">250-04/(3/r</subfield>
		<subfield code="a">الطبعة الأولى.</subfield>
	</datafield>
	<datafield ind1=" " ind2="1" tag="880">
		<subfield code="6">264-05/(3/r</subfield>
		<subfield code="a">مصر :</subfield>
		<subfield code="b">مطبعة الجمالية،</subfield>
		<subfield code="c">1330-1331 هـ.، [1911-1912؟ م.]</subfield>
	</datafield>
	<datafield ind1=" " ind2=" " tag="880">
		<subfield code="6">300-06/(3/r</subfield>
		<subfield code="a">2 جزء ؛</subfield>
		<subfield code="c">24 سم</subfield>
	</datafield>
	<datafield ind1="1" ind2=" " tag="880">
		<subfield code="6">700-07/(3/r</subfield>
		<subfield code="a">هارون، محمد،</subfield>
		<subfield code="e">معد. </subfield>
		<subfield code="4">com.</subfield>
	</datafield>
	<datafield ind1="0" ind2=" " tag="880">
		<subfield code="6">775-08/(3/r</subfield>
		<subfield code="t">تيسير الوصول إلى جامع الأصول من حديث الرسول</subfield>
		<subfield code="d">مصر : المطبعة السلفية، [1927؟]</subfield>
		<subfield code="w">b12334728</subfield>
		<subfield code="w">(OCoLC)784210316</subfield>
	</datafield>
	<datafield ind1=" " ind2=" " tag="959">
		<subfield code="a">NNU</subfield>
		<subfield code="b">WEB</subfield>
		<subfield code="c">GENI</subfield>
		<subfield code="t">0</subfield>
		<subfield code="m">Electronic access</subfield>
		<subfield code="s">01</subfield>
	</datafield>
	<datafield ind1=" " ind2=" " tag="999">
		<subfield code="i">LeBAU_b12785106</subfield>
		<subfield code="s">aub_aco001189:v.1-2</subfield>
		<subfield code="s">aub_aco001190:v.3</subfield>
		<subfield code="e">(ERROR-MISC)</subfield>
	</datafield>
</record>
